<collection xmlns="http://www.loc.gov/MARC21/slim">
<record>
  <leader>01779nam a2200409 a 4500</leader>
  <controlfield tag="001">3216926</controlfield>
  <controlfield tag="007">he amb---bbcp</controlfield>
  <controlfield tag="007">he bmb---baap</controlfield>
  <controlfield tag="008">850125s1880    enk     bb    000 0 eng d</controlfield>
  <datafield tag="020" ind1=" " ind2=" ">
    <subfield code="a">0665286643</subfield>
  </datafield>
  <datafield tag="035" ind1=" " ind2=" ">
    <subfield code="a">ocn317777230</subfield>
  </datafield>
  <datafield tag="040" ind1=" " ind2=" ">
    <subfield code="a">CaOOCIHM</subfield>
    <subfield code="b">eng</subfield>
    <subfield code="d">AEU</subfield>
  </datafield>
  <datafield tag="043" ind1=" " ind2=" ">
    <subfield code="a">n-cn---</subfield>
    <subfield code="a">n-us---</subfield>
    <subfield code="a">e-uk---</subfield>
  </datafield>
  <datafield tag="082" ind1="0" ind2=" ">
    <subfield code="a">382.73</subfield>
    <subfield code="2">19</subfield>
  </datafield>
  <datafield tag="090" ind1=" " ind2=" ">
    <subfield code="a">FC 02 0203 no. 28664</subfield>
    <subfield code="b">AEU</subfield>
  </datafield>
  <datafield tag="100" ind1="1" ind2=" ">
    <subfield code="a">Wood, John,</subfield>
    <subfield code="d">fl. 1880</subfield>
  </datafield>
  <datafield tag="245" ind1="1" ind2="0">
    <subfield code="a">American protection versus Canadian free trade</subfield>
    <subfield code="h">[microform] :</subfield>
    <subfield code="b">a plea for British agriculture /</subfield>
    <subfield code="c">by John Wood.</subfield>
  </datafield>
  <datafield tag="260" ind1=" " ind2=" ">
    <subfield code="a">London :</subfield>
    <subfield code="b">E. Wilson,</subfield>
    <subfield code="c">1880.</subfield>
  </datafield>
  <datafield tag="300" ind1=" " ind2=" ">
    <subfield code="a">1 microfiche (28 fr.).</subfield>
  </datafield>
  <datafield tag="490" ind1="1" ind2=" ">
    <subfield code="a">CIHM/ICMH Microfiche series = CIHM/ICMH collection de microfiches ;</subfield>
    <subfield code="v">no. 28664</subfield>
  </datafield>
  <datafield tag="500" ind1=" " ind2=" ">
    <subfield code="a">&quot;Dedicated to the Hon. Sir Alexander I. Galt, K.C.M.G., High Commissioner of the Dominion of Canada.&quot;</subfield>
  </datafield>
  <datafield tag="504" ind1=" " ind2=" ">
    <subfield code="a">Includes bibliographical references.</subfield>
  </datafield>
  <datafield tag="533" ind1=" " ind2=" ">
    <subfield code="a">Filmed from a copy of the original publication held by the Bibliothèque de la Ville de Montréal.</subfield>
    <subfield code="b">Ottawa :</subfield>
    <subfield code="c">Canadian Institute for Historical Microreproductions,</subfield>
    <subfield code="d">1</subfield>
  </datafield>
<!-- No separator at end of field length=175 -->
  <datafield tag="534" ind1="8" ind2="3">
  </datafield>
<!-- Separator but not at end of field length=19 -->
  <datafield tag="596" ind1="c" ind2="m">
  </datafield>
<!-- Separator but not at end of field length=7 -->
  <datafield tag="650" ind1="a" ind2="4">
  </datafield>
<!-- Separator but not at end of field length=43 -->
  <datafield tag="650" ind1="o" ind2="n">
  </datafield>
<!-- Separator but not at end of field length=50 -->
  <datafield tag="650" ind1="i" ind2="n">
  </datafield>
<!-- Separator but not at end of field length=56 -->
  <datafield tag="650" ind1="i" ind2="s">
    <subfield code="e">.</subfield>
  </datafield>
<!-- Separator but not at end of field length=54 -->
  <datafield tag="651" ind1="e" ind2="t">
    <subfield code="g">ne.</subfield>
  </datafield>
<!-- Separator but not at end of field length=46 -->
  <datafield tag="651" ind1="S" ind2="t">
    <subfield code="t">es.</subfield>
  </datafield>
<!-- Separator but not at end of field length=46 -->
  <datafield tag="651" ind1="C" ind2="a">
    <subfield code="a">da.</subfield>
  </datafield>
<!-- Separator but not at end of field length=48 -->
  <datafield tag="651" ind1="a" ind2="t">
    <subfield code="-">Unis.</subfield>
  </datafield>
<!-- Separator but not at end of field length=48 -->
  <datafield tag="830" ind1="l" ind2="e">
    <subfield code="z">Canada.</subfield>
  </datafield>
<!-- Separator but not at end of field length=45 -->
<!-- Bad indicator data. Skipping 1 bytes -->
  <datafield tag="949" ind1="v" ind2="n">
    <subfield code="."> 28664</subfield>
  </datafield>
<!-- Separator but not at end of field length=22 -->
<!-- Bad indicator data. Skipping 2 bytes -->
  <datafield tag="016" ind1="z" ind2="C">
    <subfield code="H">MMPRE</subfield>
  </datafield>
<!-- Separator but not at end of field length=15 -->
  <datafield tag="926" ind1="a" ind2=" ">
    <subfield code="5">6254967</subfield>
  </datafield>
<!-- Separator but not at end of field length=58 -->
</record>
</collection>
